@INPROCEEDINGS{scaffidi:estimating,
  author={C. {Scaffidi} and M. {Shaw} and B. {Myers}},
  booktitle={2005 IEEE Symposium on Visual Languages and Human-Centric Computing (VL/HCC'05)},
  title={Estimating the numbers of end users and end user programmers},
  year={2005},
  volume={},
  number={},
  pages={207-214},
  keywords={user centred design;software engineering;end user programming;United States;judgment-based factors;Bureau of Labor Statistics;spreadsheets;databases;Programming profession;Computer science;Statistics;Employment;Databases;Prediction methods;Software performance;Computer industry;Costs;Programming environments},
  doi={10.1109/VLHCC.2005.34},
  ISSN={1943-6092},
  month={Sep.}
}

@Inproceedings{Blackwell:functions,
  author = {Peyton Jones, Simon and Burnett, Margaret and Blackwell, Alan},
  title = {A User-Centred Approach to Functions in Excel},
  year = {2003},
  month = {June},
  url = {https://www.microsoft.com/en-us/research/publication/a-user-centred-approach-to-functions-in-excel/}
}

@inproceedings{nash:manhattan,
  title={Manhattan: End-User Programming for Music},
  author={Chris Nash},
  booktitle={NIME},
  year={2014}
}

@inproceedings{sarkar:sheetmusic,
  title={Towards spreadsheet tools for end-user music programming},
  author={Advait Sarkar},
  booktitle={PPIG},
  year={2016}
}

@online{hackaday:spreadsheet,
  author = {Sven Gregori},
  editor = {Hackaday},
  title = {NEVER MIND THE SHEET MUSIC, HERE’S SPREADSHEET MUSIC},
  year = 2019,
  url = {https://hackaday.com/2019/02/02/never-mind-the-sheet-music-heres-spreadsheet-music/},
  urldate = {2019-03-29}
}

@article{muller:pd,
  author = {Muller, Michael and Kuhn, Sarah},
  year = {1993},
  month = {06},
  pages = {24-28},
  title = {Participatory Design},
  volume = {36},
  journal = {Communications of the ACM},
  doi = {10.1145/153571.255960}
}

@article{huang:deep,
  author    = {Allen Huang and
               Raymond Wu},
  title     = {Deep Learning for Music},
  journal   = {CoRR},
  volume    = {abs/1606.04930},
  year      = {2016},
  url       = {http://arxiv.org/abs/1606.04930},
  archivePrefix = {arXiv},
  eprint    = {1606.04930},
  timestamp = {Mon, 13 Aug 2018 16:46:34 +0200},
  biburl    = {https://dblp.org/rec/bib/journals/corr/HuangW16},
  bibsource = {dblp computer science bibliography, https://dblp.org}
}

@article{goldman:turtle,
  title={Turtle geometry in computer graphics and computer-aided design},
  author={Ron Goldman and Scott Schaefer and Tao Ju},
  journal={Computer-Aided Design},
  year={2004},
  volume={36},
  pages={1471-1482}
}

@article{mclean:texture,
author = {Mclean, Alex and Wiggins, Geraint},
year = {2011},
month = {01},
pages = {},
title = {Texture: Visual Notation for Live Coding of Pattern}
}

@article{mclean:visualisation,
author = {Mclean, Alex and Griffiths, Dave and Vzw, Foam and Am, Dave@fo and Collins, Nick and Wiggins, Geraint},
year = {2010},
month = {01},
pages = {},
title = {Visualisation of Live Code}
}

@book{huber:midimanual,
  title={The MIDI Manual: A Practical Guide to MIDI in the Project Studio},
  author={Huber, D.M.},
  isbn={9781136119187},
  url={https://books.google.co.uk/books?id=QqHcAwAAQBAJ},
  year={2012},
  publisher={Taylor \& Francis}
}

@article{aaron:pi,
    author = {Aaron, Samuel and F. Blackwell, Alan and Burnard, Pamela},
    year = {2016},
    month = {05},
    pages = {75-94},
    title = {The development of Sonic Pi and its use in educational partnerships: Co-creating pedagogies for learning computer programming},
    volume = {9},
    journal = {Journal of Music, Technology and Education},
    doi = {10.1386/jmte.9.1.75_1}
}

@misc{mozilla:webaudioapi,
  author  = {Mozilla},
  title   = {Web Audio API},
  year    = {2019},
  month = {03},
  howpublished = {\url{https://developer.mozilla.org/en-US/docs/Web/API/Web_Audio_API}},
  note = {Accessed: 2019-04-02)}
}

@MISC{sandberg:lily,
    author = {Erik Sandberg and Examensarbete Nv and Reviewer Arne Andersson and Examiner Anders Jansson},
    title = {Separating input language and formatter in GNU Lilypond},
    year = {2006}
}

@manual{midiSpec,
  author = {MIDI Manufacturers Association.},
  title = {The complete MIDI 1.0 detailed specification},
  year = {1997},
  publisher = {MMA}
}
{{Citation
    |ol = 18324937M
    |publication-place = Los Angeles, CA
    }}

@misc{midoSpec,
  author  = {Ole Martin Bjørndalen},
  title   = {MIDI Files},
  year    = {2016},
  howpublished = {\url{https://mido.readthedocs.io/en/latest/midi_files.html}},
  note = {Accessed: 2019-04-18)}
}

@techreport{blackwell:tutorial,
    author = {Green, Thomas and Blackwell, Alan},
    citeulike-article-id = {572094},
    citeulike-linkout-0 = {http://www.cl.cam.ac.uk/\~{}afb21/CognitiveDimensions/ CDtutorial.pdf},
    institution = {BCS HCI Conference},
    keywords = {cognition, design, evaluation},
    number = {Version 1.2},
    posted-at = {2006-03-31 23:58:30},
    priority = {0},
    title = {{Cognitive dimensions of information artefacts: a tutorial}},
    url = {http://www.cl.cam.ac.uk/\~{}afb21/CognitiveDimensions/ CDtutorial.pdf},
    year = {1998}
}

@article{blackwell:notation,
    author = {F. Blackwell, Alan and Green, Thomas and Nunn, Dje},
    year = {2000},
    month = {11},
    pages = {},
    title = {Cognitive Dimensions and Musical Notation Systems},
    journal = {Workshop on Notation and Music Information Retrieval}
}

@article{green:cdn,
    author = {Green, Thomas and Petre, Marian},
    year = {1996},
    month = {06},
    pages = {131-},
    title = {Usability Analysis of Visual Programming Environments: A 'Cognitive Dimensions' Framework},
    volume = {7},
    journal = {Journal of Visual Languages},
    doi = {10.1006/jvlc.1996.0009}
}

@inproceedings{blackwell:questionnaire,
  title={A Cognitive Dimensions questionnaire optimised for users},
  author={Alan F. Blackwell and Thomas R. G. Green},
  booktitle={PPIG},
  year={2000}
}

@unknown{barry:likert,
  author = {Barry, Dwight},
  year = {2017},
  month = {01},
  pages = {},
  title = {Do not use averages with Likert scale data}
}

@book{ross:introductory,
  title={Introductory Statistics},
  author={Ross, S.M.},
  isbn={9780080922102},
  url={https://books.google.co.uk/books?id=ZKswvkqhygYC},
  year={2010},
  publisher={Elsevier Science}
}

@article{dawes:points,
  author = {Dr. John Dawes},
  title ={Do Data Characteristics Change According to the Number of Scale Points Used? An Experiment Using 5-Point, 7-Point and 10-Point Scales},
  journal = {International Journal of Market Research},
  volume = {50},
  number = {1},
  pages = {61-104},
  year = {2008},
  doi = {10.1177/147078530805000106},
  URL = {https://doi.org/10.1177/147078530805000106},
  eprint = {https://doi.org/10.1177/147078530805000106}
}
